@article{brunel2007quantitative,
  title={Quantitative investigations of electrical nerve excitation treated as polarization},
  author={Brunel, Nicolas and others},
  journal={Biological Cybernetics},
  volume={97},
  number={5-6},
  pages={341-349},
  year={2007},
  publisher={Springer}
}
@article{tsodyks1997paradoxical,
  title={Paradoxical effects of external modulation of inhibitory interneurons},
  author={Tsodyks, Misha V and Skaggs, William E and Sejnowski, Terrence J and McNaughton, Bruce L},
  journal={Journal of neuroscience},
  volume={17},
  number={11},
  pages={4382--4388},
  year={1997},
  publisher={Soc Neuroscience}
}
@article{abbott1999lapicque,
  title={Lapicqueâ€™s introduction of the integrate-and-fire model neuron (1907)},
  author={Abbott, Larry F},
  journal={Brain research bulletin},
  volume={50},
  number={5-6},
  pages={303--304},
  year={1999},
  publisher={Citeseer}
}
@article{efron1968psychopharmacology,
  title={Psychopharmacology; a Review of Progress, 1957-1967},
  author={Efron, Daniel H},
  year={1968},
  publisher={US Government Printing Office}
}
@article{hodgkin1952quantitative,
    author = {Hodgkin, A. L. and Huxley, A. F.},
    title = {A quantitative description of membrane current and its application to conduction and excitation in nerve},
    journal = {The Journal of Physiology},
    volume = {117},
    number = {4},
    pages = {500-544},
    doi = {https://doi.org/10.1113/jphysiol.1952.sp004764},
    year = {1952}
}
@article{izhikevich2003simple,
  title={Simple model of spiking neurons},
  author={Izhikevich, Eugene M},
  journal={IEEE Transactions on neural networks},
  volume={14},
  number={6},
  pages={1569--1572},
  year={2003},
  publisher={IEEE}
}
